<?xml version="1.0" encoding="utf-8"?>
<record xmlns="http://www.loc.gov/MARC21/slim" xmlns:xsi="http://www.w3.org/2001/XMLSchema-instance" xsi:schemaLocation="http://www.loc.gov/MARC21/slim http://www.loc.gov/standards/marcxml/schema/MARC21slim.xsd">
	<leader>     nam a22        4500</leader>
	<controlfield tag="001">1881615</controlfield>
	<controlfield tag="003">NIC</controlfield>
	<controlfield tag="006">m        d        </controlfield>
	<controlfield tag="007">cr cn |||m|||a</controlfield>
	<controlfield tag="008">150505s1983    ir      o     000 0 arard</controlfield>
	<datafield ind1=" " ind2=" " tag="040">
		<subfield code="a">NNU</subfield>
		<subfield code="b">eng</subfield>
		<subfield code="c">NNU</subfield>
	</datafield>
	<datafield ind1=" " ind2="4" tag="050">
		<subfield code="a">PJ6101.I23</subfield>
		<subfield code="b">I11 1983</subfield>
	</datafield>
	<datafield ind1="1" ind2=" " tag="100">
		<subfield code="6">880-01</subfield>
		<subfield code="a">Ibn al-Nāẓim, Muḥammad ibn Muḥammad,</subfield>
		<subfield code="d">-1287 or 1288.</subfield>
	</datafield>
	<datafield ind1="1" ind2="0" tag="245">
		<subfield code="6">880-02</subfield>
		<subfield code="a">Sharḥ Alfīyat Ibn Mālik</subfield>
		<subfield code="h">[electronic resource] /</subfield>
		<subfield code="c">li-Ibn al-Nāẓim ; wa-qad ṣār al-iʻtināʼ bi-taṣḥīḥi wa-naqḥihi ... Muḥammad ibn Salīm al-Labābīdī.</subfield>
	</datafield>
	<datafield ind1=" " ind2=" " tag="250">
		<subfield code="6">880-03</subfield>
		<subfield code="a">Chāp-i 2.</subfield>
	</datafield>
	<datafield ind1=" " ind2=" " tag="260">
		<subfield code="6">880-04</subfield>
		<subfield code="a">Ṭihrān, Irān :</subfield>
		<subfield code="b">Intishārāt Nāṣir Khusraw,</subfield>
		<subfield code="c">1362 [1983 or 1984]</subfield>
	</datafield>
	<datafield ind1=" " ind2=" " tag="300">
		<subfield code="a">online resource (355 p.)</subfield>
	</datafield>
	<datafield ind1=" " ind2=" " tag="500">
		<subfield code="a">In Arabic; romanized record.</subfield>
	</datafield>
	<datafield ind1=" " ind2=" " tag="500">
		<subfield code="a">Part of the Arabic Collections Online (ACO) project, contributed by Cornell University Libraries.</subfield>
	</datafield>
	<datafield ind1=" " ind2=" " tag="533">
		<subfield code="a">Electronic reproduction.</subfield>
		<subfield code="b">New York, N.Y. :</subfield>
		<subfield code="c">New York University,</subfield>
		<subfield code="d">2015.</subfield>
		<subfield code="5">NNU</subfield>
	</datafield>
	<datafield ind1="1" ind2="0" tag="600">
		<subfield code="6">880-05</subfield>
		<subfield code="a">Ibn Mālik, Muḥammad ibn ʻAbd Allāh,</subfield>
		<subfield code="d">-1274.</subfield>
		<subfield code="t">Alfīyah.</subfield>
	</datafield>
	<datafield ind1="0" ind2="7" tag="630">
		<subfield code="a">Alfīyah (Ibn Mālik, Muḥammad ibn ʻAbd Allāh)</subfield>
		<subfield code="2">fast</subfield>
		<subfield code="0">(OCoLC)fst01360506</subfield>
	</datafield>
	<datafield ind1="1" ind2=" " tag="700">
		<subfield code="6">880-06</subfield>
		<subfield code="a">Labābīdī, Muḥammad ibn Salīm.</subfield>
	</datafield>
	<datafield ind1="2" ind2=" " tag="710">
		<subfield code="a">Cornell University.</subfield>
		<subfield code="b">Libraries.</subfield>
	</datafield>
	<datafield ind1="0" ind2=" " tag="730">
		<subfield code="a">Arabic Collections Online.</subfield>
	</datafield>
	<datafield ind1="0" ind2="8" tag="776">
		<subfield code="i">Online version:</subfield>
		<subfield code="a">Ibn al-Nāẓim.</subfield>
		<subfield code="t">Sharḥ Alfīyat Ibn Mālik.</subfield>
		<subfield code="d">Ṭihrān, Irān : Intishārāt Nāṣir Khusraw, 1362 [1983 or 1984]</subfield>
		<subfield code="w">(OCoLC)645751724</subfield>
	</datafield>
	<datafield ind1="0" ind2="8" tag="776">
		<subfield code="i">Print version:</subfield>
		<subfield code="a">Ibn al-Nāẓim, Muḥammad ibn Muḥammad, -1287 or 1288.</subfield>
		<subfield code="t">Sharḥ Alfīyat Ibn Mālik</subfield>
		<subfield code="w">(NIC)1881615</subfield>
		<subfield code="w">(DLC)   85931912 </subfield>
		<subfield code="w">(OCoLC)17927537</subfield>
	</datafield>
	<datafield ind1="4" ind2="0" tag="856">
		<subfield code="u">http://hdl.handle.net/2333.1/cz8w9jrw</subfield>
	</datafield>
	<datafield ind1="1" ind2=" " tag="880">
		<subfield code="6">100-01/r</subfield>
		<subfield code="a">ابن الناظم، محمد بن محمد،</subfield>
		<subfield code="d">-1287 or 1288.</subfield>
	</datafield>
	<datafield ind1="1" ind2="0" tag="880">
		<subfield code="6">245-02/r</subfield>
		<subfield code="a">شرح الفية ابن مالك /</subfield>
		<subfield code="c">لابن ناظم، ابي عبد الله بدر الدين محمد بن جمال الدين محمد بن مالك ؛ وقد صار الاعتناء بتصحيحه وتنقيحه ... بمعرفة محمد بن سليم اللبابيدي.</subfield>
	</datafield>
	<datafield ind1=" " ind2=" " tag="880">
		<subfield code="6">250-03/r</subfield>
		<subfield code="a">چاپ 2.</subfield>
	</datafield>
	<datafield ind1=" " ind2=" " tag="880">
		<subfield code="6">260-04/r</subfield>
		<subfield code="a">طهران :</subfield>
		<subfield code="b">انتشارات ناصر خسرو،</subfield>
		<subfield code="c">1362 [1983 or 1984]</subfield>
	</datafield>
	<datafield ind1="1" ind2="4" tag="880">
		<subfield code="6">600-05/r</subfield>
		<subfield code="a">ابن مالك، محمد بم عبد الله.</subfield>
		<subfield code="t">الفية.</subfield>
	</datafield>
	<datafield ind1="1" ind2=" " tag="880">
		<subfield code="6">700-06/r</subfield>
		<subfield code="a">لبابيدي، محمد بن سليم.</subfield>
	</datafield>
	<datafield ind1=" " ind2=" " tag="959">
		<subfield code="a">NNU</subfield>
		<subfield code="b">WEB</subfield>
		<subfield code="c">GENI</subfield>
		<subfield code="t">0</subfield>
		<subfield code="m">Electronic access</subfield>
		<subfield code="s">01</subfield>
	</datafield>
	<datafield ind1=" " ind2=" " tag="999">
		<subfield code="i">NIC_1881615</subfield>
		<subfield code="o">(OCoLC)ocm17927537</subfield>
		<subfield code="s">cornell_aco000055</subfield>
	</datafield>
</record>
